@BOOK{MLTT,
  title     = "Programming in {Martin-L{\"o}f's} type theory : an introduction",
  author    = "Nordstrom, Bengt",
  publisher = "Clarendon Press",
  series    = "International Series of Monographs on Computer Science",
  month     =  jun,
  year      =  1990,
  address   = "Oxford, England",
  language  = "en"
}
@inproceedings{shake,
  series = {ICFP’12},
  title = {Shake before building: replacing make with haskell},
  url = {http://dx.doi.org/10.1145/2364527.2364538},
  DOI = {10.1145/2364527.2364538},
  booktitle = {Proceedings of the 17th ACM SIGPLAN international conference on Functional programming},
  publisher = {ACM},
  author = {Mitchell,  Neil},
  year = {2012},
  month = sep,
  collection = {ICFP’12}
}
@article{Dunfield2013,
  title = {Complete and easy bidirectional typechecking for higher-rank polymorphism},
  volume = {48},
  ISSN = {1558-1160},
  url = {http://dx.doi.org/10.1145/2544174.2500582},
  DOI = {10.1145/2544174.2500582},
  number = {9},
  journal = {ACM SIGPLAN Notices},
  publisher = {Association for Computing Machinery (ACM)},
  author = {Dunfield,  Jana and Krishnaswami,  Neelakantan R.},
  year = {2013},
  month = sep,
  pages = {429–442}
}
@article{Cockx2021,
  title = {The taming of the rew: a type theory with computational assumptions},
  volume = {5},
  ISSN = {2475-1421},
  url = {http://dx.doi.org/10.1145/3434341},
  DOI = {10.1145/3434341},
  number = {POPL},
  journal = {Proceedings of the ACM on Programming Languages},
  publisher = {Association for Computing Machinery (ACM)},
  author = {Cockx,  Jesper and Tabareau,  Nicolas and Winterhalter,  Théo},
  year = {2021},
  month = jan,
  pages = {1–29}
}
